<?xml version="1.0" encoding="UTF-8"?>
<Document xmlns="urn:iso:std:iso:20022:tech:xsd:pacs.008.001.01">
    <pacs.008.001.01>
        <GrpHdr>
            <MsgId>BMJSSHAP98062315012.CT</MsgId>
            <CreDtTm>1398-08-06T16:52:33</CreDtTm>
            <NbOfTxs>4</NbOfTxs>
            <TtlIntrBkSttlmAmt Ccy="IRR">31382209</TtlIntrBkSttlmAmt>
            <IntrBkSttlmDt>1398-08-06</IntrBkSttlmDt>
            <SttlmInf>
                <SttlmMtd>CLRG</SttlmMtd>
            </SttlmInf>
            <PmtTpInf>
                <SvcLvl>
                    <Cd>SEPA</Cd>
                </SvcLvl>
            </PmtTpInf>
        </GrpHdr>
        <CdtTrfTxInf>
            <PmtId>
                <InstrId>1398,06,22N1111123456789112233</InstrId>
                <EndToEndId>98062393300000004</EndToEndId>
                <TxId>BMJSSHAP98062311012.CT00004</TxId>
            </PmtId>
            <IntrBkSttlmAmt Ccy="IRR">8591977</IntrBkSttlmAmt>
            <ChrgBr>SLEV</ChrgBr>
            <Dbtr>
                <Nm>مرکزشاپرک</Nm>
                <Id>
                    <PrvtId>
                        <OthrId>
                            <Id>EMPTY</Id>
                            <IdTp>EMPTY</IdTp>
                        </OthrId>
                    </PrvtId>
                </Id>
            </Dbtr>
            <DbtrAcct>
                <Id>
                    <IBAN>IR150930000000000001006182</IBAN>
                </Id>
            </DbtrAcct>
            <DbtrAgt>
                <FinInstnId>
                    <BIC>BMJSIRTHXXX</BIC>
                </FinInstnId>
            </DbtrAgt>
            <CdtrAgt>
                <FinInstnId>
                    <BIC>RESAIRTHXXX</BIC>
                </FinInstnId>
            </CdtrAgt>
            <Cdtr>
                <Nm>احمد</Nm>
            </Cdtr>
            <CdtrAcct>
                <Id>
                    <IBAN>IR480700035000114904343001</IBAN>
                </Id>
            </CdtrAcct>
            <RmtInf>
                <Ustrd>1398,06,22N1111123456789112233</Ustrd>
            </RmtInf>
        </CdtTrfTxInf>
        <CdtTrfTxInf>
            <PmtId>
                <InstrId>1398,06,22N1111558844556677885</InstrId>
                <EndToEndId>98062393300000005</EndToEndId>
                <TxId>BMJSSHAP98062311012.CT00005</TxId>
            </PmtId>
            <IntrBkSttlmAmt Ccy="IRR">3891210</IntrBkSttlmAmt>
            <ChrgBr>SLEV</ChrgBr>
            <Dbtr>
                <Nm>مرکزشاپرک</Nm>
                <Id>
                    <PrvtId>
                        <OthrId>
                            <Id>EMPTY</Id>
                            <IdTp>EMPTY</IdTp>
                        </OthrId>
                    </PrvtId>
                </Id>
            </Dbtr>
            <DbtrAcct>
                <Id>
                    <IBAN>IR150930000000000001006182</IBAN>
                </Id>
            </DbtrAcct>
            <DbtrAgt>
                <FinInstnId>
                    <BIC>BMJSIRTHXXX</BIC>
                </FinInstnId>
            </DbtrAgt>
            <CdtrAgt>
                <FinInstnId>
                    <BIC>RESAIRTHXXX</BIC>
                </FinInstnId>
            </CdtrAgt>
            <Cdtr>
                <Nm>حاج آق رض مارکت</Nm>
            </Cdtr>
            <CdtrAcct>
                <Id>
                    <IBAN>IR480700035000114904343001</IBAN>
                </Id>
            </CdtrAcct>
            <RmtInf>
                <Ustrd>1398,06,22N1111558844556677885</Ustrd>
            </RmtInf>
        </CdtTrfTxInf>
        <CdtTrfTxInf>
            <PmtId>
                <InstrId>1398,06,22N1111111444555222146</InstrId>
                <EndToEndId>98062393300000006</EndToEndId>
                <TxId>BMJSSHAP98062311012.CT00006</TxId>
            </PmtId>
            <IntrBkSttlmAmt Ccy="IRR">9261606</IntrBkSttlmAmt>
            <ChrgBr>SLEV</ChrgBr>
            <Dbtr>
                <Nm>مرکزشاپرک</Nm>
                <Id>
                    <PrvtId>
                        <OthrId>
                            <Id>EMPTY</Id>
                            <IdTp>EMPTY</IdTp>
                        </OthrId>
                    </PrvtId>
                </Id>
            </Dbtr>
            <DbtrAcct>
                <Id>
                    <IBAN>IR150930000000000001006182</IBAN>
                </Id>
            </DbtrAcct>
            <DbtrAgt>
                <FinInstnId>
                    <BIC>BMJSIRTHXXX</BIC>
                </FinInstnId>
            </DbtrAgt>
            <CdtrAgt>
                <FinInstnId>
                    <BIC>RESAIRTHXXX</BIC>
                </FinInstnId>
            </CdtrAgt>
            <Cdtr>
                <Nm>رضا مارکت</Nm>
            </Cdtr>
            <CdtrAcct>
                <Id>
                    <IBAN>IR480700035000114904343001</IBAN>
                </Id>
            </CdtrAcct>
            <RmtInf>
                <Ustrd>1398,06,22N1111111444555222146</Ustrd>
            </RmtInf>
        </CdtTrfTxInf>
        <CdtTrfTxInf>
            <PmtId>
                <InstrId>1398,06,22N1111123456789111113</InstrId>
                <EndToEndId>98062393300000007</EndToEndId>
                <TxId>BMJSSHAP98062311012.CT00007</TxId>
            </PmtId>
            <IntrBkSttlmAmt Ccy="IRR">9637416</IntrBkSttlmAmt>
            <ChrgBr>SLEV</ChrgBr>
            <Dbtr>
                <Nm>مرکزشاپرک</Nm>
                <Id>
                    <PrvtId>
                        <OthrId>
                            <Id>EMPTY</Id>
                            <IdTp>EMPTY</IdTp>
                        </OthrId>
                    </PrvtId>
                </Id>
            </Dbtr>
            <DbtrAcct>
                <Id>
                    <IBAN>IR150930000000000001006182</IBAN>
                </Id>
            </DbtrAcct>
            <DbtrAgt>
                <FinInstnId>
                    <BIC>BMJSIRTHXXX</BIC>
                </FinInstnId>
            </DbtrAgt>
            <CdtrAgt>
                <FinInstnId>
                    <BIC>RESAIRTHXXX</BIC>
                </FinInstnId>
            </CdtrAgt>
            <Cdtr>
                <Nm>تغییر یافته فروشگاه</Nm>
            </Cdtr>
            <CdtrAcct>
                <Id>
                    <IBAN>IR480700035000114904343001</IBAN>
                </Id>
            </CdtrAcct>
            <RmtInf>
                <Ustrd>1398,06,22N1111123456789111113</Ustrd>
            </RmtInf>
        </CdtTrfTxInf>

    </pacs.008.001.01>
</Document>
