<?xml version="1.0" encoding="UTF-8"?><Document xmlns="urn:iso:std:iso:20022:tech:xsd:pacs.008.001.01"><pacs.008.001.01><GrpHdr><MsgId>BMJSSHAP98091915012.CT</MsgId><CreDtTm>1398-09-19T19:11:08</CreDtTm><NbOfTxs>15</NbOfTxs><TtlIntrBkSttlmAmt Ccy="IRR">65441033</TtlIntrBkSttlmAmt><IntrBkSttlmDt>1398-09-19</IntrBkSttlmDt><SttlmInf><SttlmMtd>CLRG</SttlmMtd></SttlmInf><PmtTpInf><SvcLvl><Cd>SEPA</Cd></SvcLvl></PmtTpInf></GrpHdr><CdtTrfTxInf><PmtId><InstrId>1398,09,18N1111100000000000003</InstrId><EndToEndId>98091993300000001</EndToEndId><TxId>BMJSSHAP98091911012.CT00001</TxId></PmtId><IntrBkSttlmAmt Ccy="IRR">7926946</IntrBkSttlmAmt><ChrgBr>SLEV</ChrgBr><Dbtr><Nm>مرکزشاپرک</Nm><Id><PrvtId><OthrId><Id>EMPTY</Id><IdTp>EMPTY</IdTp></OthrId></PrvtId></Id></Dbtr><DbtrAcct><Id><IBAN>IR150930000000000001006182</IBAN></Id></DbtrAcct><DbtrAgt><FinInstnId><BIC>BMJSIRTHXXX</BIC></FinInstnId></DbtrAgt><CdtrAgt><FinInstnId><BIC>RESAIRTHXXX</BIC></FinInstnId></CdtrAgt><Cdtr><Nm>فروشگاه نورا سه</Nm></Cdtr><CdtrAcct><Id><IBAN>IR480700035000114904343001</IBAN></Id></CdtrAcct><RmtInf><Ustrd>1398,09,18N1111100000000000003</Ustrd></RmtInf></CdtTrfTxInf><CdtTrfTxInf><PmtId><InstrId>1398,09,18N1111123456789111111</InstrId><EndToEndId>98091993300000002</EndToEndId><TxId>BMJSSHAP98091911012.CT00002</TxId></PmtId><IntrBkSttlmAmt Ccy="IRR">7211425</IntrBkSttlmAmt><ChrgBr>SLEV</ChrgBr><Dbtr><Nm>مرکزشاپرک</Nm><Id><PrvtId><OthrId><Id>EMPTY</Id><IdTp>EMPTY</IdTp></OthrId></PrvtId></Id></Dbtr><DbtrAcct><Id><IBAN>IR150930000000000001006182</IBAN></Id></DbtrAcct><DbtrAgt><FinInstnId><BIC>BMJSIRTHXXX</BIC></FinInstnId></DbtrAgt><CdtrAgt><FinInstnId><BIC>RESAIRTHXXX</BIC></FinInstnId></CdtrAgt><Cdtr><Nm>تغییر یافته فروشگاه</Nm></Cdtr><CdtrAcct><Id><IBAN>IR480700035000114904343001</IBAN></Id></CdtrAcct><RmtInf><Ustrd>1398,09,18N1111123456789111111</Ustrd></RmtInf></CdtTrfTxInf><CdtTrfTxInf><PmtId><InstrId>1398,09,18N1111123456789111112</InstrId><EndToEndId>98091993300000003</EndToEndId><TxId>BMJSSHAP98091911012.CT00003</TxId></PmtId><IntrBkSttlmAmt Ccy="IRR">199266</IntrBkSttlmAmt><ChrgBr>SLEV</ChrgBr><Dbtr><Nm>مرکزشاپرک</Nm><Id><PrvtId><OthrId><Id>EMPTY</Id><IdTp>EMPTY</IdTp></OthrId></PrvtId></Id></Dbtr><DbtrAcct><Id><IBAN>IR150930000000000001006182</IBAN></Id></DbtrAcct><DbtrAgt><FinInstnId><BIC>BMJSIRTHXXX</BIC></FinInstnId></DbtrAgt><CdtrAgt><FinInstnId><BIC>RESAIRTHXXX</BIC></FinInstnId></CdtrAgt><Cdtr><Nm>تغییر یافته فروشگاه</Nm></Cdtr><CdtrAcct><Id><IBAN>IR480700035000114904343001</IBAN></Id></CdtrAcct><RmtInf><Ustrd>1398,09,18N1111123456789111112</Ustrd></RmtInf></CdtTrfTxInf><CdtTrfTxInf><PmtId><InstrId>1398,09,18N1111111444555222145</InstrId><EndToEndId>98091993300000004</EndToEndId><TxId>BMJSSHAP98091911012.CT00004</TxId></PmtId><IntrBkSttlmAmt Ccy="IRR">2504508</IntrBkSttlmAmt><ChrgBr>SLEV</ChrgBr><Dbtr><Nm>مرکزشاپرک</Nm><Id><PrvtId><OthrId><Id>EMPTY</Id><IdTp>EMPTY</IdTp></OthrId></PrvtId></Id></Dbtr><DbtrAcct><Id><IBAN>IR150930000000000001006182</IBAN></Id></DbtrAcct><DbtrAgt><FinInstnId><BIC>BMJSIRTHXXX</BIC></FinInstnId></DbtrAgt><CdtrAgt><FinInstnId><BIC>RESAIRTHXXX</BIC></FinInstnId></CdtrAgt><Cdtr><Nm>رضا مارکت</Nm></Cdtr><CdtrAcct><Id><IBAN>IR480700035000114904343001</IBAN></Id></CdtrAcct><RmtInf><Ustrd>1398,09,18N1111111444555222145</Ustrd></RmtInf></CdtTrfTxInf><CdtTrfTxInf><PmtId><InstrId>1398,09,18N1111123456789112233</InstrId><EndToEndId>98091993300000005</EndToEndId><TxId>BMJSSHAP98091911012.CT00005</TxId></PmtId><IntrBkSttlmAmt Ccy="IRR">9474355</IntrBkSttlmAmt><ChrgBr>SLEV</ChrgBr><Dbtr><Nm>مرکزشاپرک</Nm><Id><PrvtId><OthrId><Id>EMPTY</Id><IdTp>EMPTY</IdTp></OthrId></PrvtId></Id></Dbtr><DbtrAcct><Id><IBAN>IR150930000000000001006182</IBAN></Id></DbtrAcct><DbtrAgt><FinInstnId><BIC>BMJSIRTHXXX</BIC></FinInstnId></DbtrAgt><CdtrAgt><FinInstnId><BIC>RESAIRTHXXX</BIC></FinInstnId></CdtrAgt><Cdtr><Nm>احمد</Nm></Cdtr><CdtrAcct><Id><IBAN>IR480700035000114904343001</IBAN></Id></CdtrAcct><RmtInf><Ustrd>1398,09,18N1111123456789112233</Ustrd></RmtInf></CdtTrfTxInf><CdtTrfTxInf><PmtId><InstrId>1398,09,18N1111100000000000001</InstrId><EndToEndId>98091993300000006</EndToEndId><TxId>BMJSSHAP98091911012.CT00006</TxId></PmtId><IntrBkSttlmAmt Ccy="IRR">6183465</IntrBkSttlmAmt><ChrgBr>SLEV</ChrgBr><Dbtr><Nm>مرکزشاپرک</Nm><Id><PrvtId><OthrId><Id>EMPTY</Id><IdTp>EMPTY</IdTp></OthrId></PrvtId></Id></Dbtr><DbtrAcct><Id><IBAN>IR150930000000000001006182</IBAN></Id></DbtrAcct><DbtrAgt><FinInstnId><BIC>BMJSIRTHXXX</BIC></FinInstnId></DbtrAgt><CdtrAgt><FinInstnId><BIC>RESAIRTHXXX</BIC></FinInstnId></CdtrAgt><Cdtr><Nm>فروشگاه حلما سه</Nm></Cdtr><CdtrAcct><Id><IBAN>IR480700035000114904343001</IBAN></Id></CdtrAcct><RmtInf><Ustrd>1398,09,18N1111100000000000001</Ustrd></RmtInf></CdtTrfTxInf><CdtTrfTxInf><PmtId><InstrId>1398,09,18N1111558844556677885</InstrId><EndToEndId>98091993300000007</EndToEndId><TxId>BMJSSHAP98091911012.CT00007</TxId></PmtId><IntrBkSttlmAmt Ccy="IRR">947838</IntrBkSttlmAmt><ChrgBr>SLEV</ChrgBr><Dbtr><Nm>مرکزشاپرک</Nm><Id><PrvtId><OthrId><Id>EMPTY</Id><IdTp>EMPTY</IdTp></OthrId></PrvtId></Id></Dbtr><DbtrAcct><Id><IBAN>IR150930000000000001006182</IBAN></Id></DbtrAcct><DbtrAgt><FinInstnId><BIC>BMJSIRTHXXX</BIC></FinInstnId></DbtrAgt><CdtrAgt><FinInstnId><BIC>RESAIRTHXXX</BIC></FinInstnId></CdtrAgt><Cdtr><Nm>حاج آق رض مارکت</Nm></Cdtr><CdtrAcct><Id><IBAN>IR480700035000114904343001</IBAN></Id></CdtrAcct><RmtInf><Ustrd>1398,09,18N1111558844556677885</Ustrd></RmtInf></CdtTrfTxInf><CdtTrfTxInf><PmtId><InstrId>1398,09,18N1111111444555222146</InstrId><EndToEndId>98091993300000008</EndToEndId><TxId>BMJSSHAP98091911012.CT00008</TxId></PmtId><IntrBkSttlmAmt Ccy="IRR">3230306</IntrBkSttlmAmt><ChrgBr>SLEV</ChrgBr><Dbtr><Nm>مرکزشاپرک</Nm><Id><PrvtId><OthrId><Id>EMPTY</Id><IdTp>EMPTY</IdTp></OthrId></PrvtId></Id></Dbtr><DbtrAcct><Id><IBAN>IR150930000000000001006182</IBAN></Id></DbtrAcct><DbtrAgt><FinInstnId><BIC>BMJSIRTHXXX</BIC></FinInstnId></DbtrAgt><CdtrAgt><FinInstnId><BIC>RESAIRTHXXX</BIC></FinInstnId></CdtrAgt><Cdtr><Nm>رضا مارکت</Nm></Cdtr><CdtrAcct><Id><IBAN>IR480700035000114904343001</IBAN></Id></CdtrAcct><RmtInf><Ustrd>1398,09,18N1111111444555222146</Ustrd></RmtInf></CdtTrfTxInf><CdtTrfTxInf><PmtId><InstrId>1398,09,18N1111123456789111113</InstrId><EndToEndId>98091993300000009</EndToEndId><TxId>BMJSSHAP98091911012.CT00009</TxId></PmtId><IntrBkSttlmAmt Ccy="IRR">1610964</IntrBkSttlmAmt><ChrgBr>SLEV</ChrgBr><Dbtr><Nm>مرکزشاپرک</Nm><Id><PrvtId><OthrId><Id>EMPTY</Id><IdTp>EMPTY</IdTp></OthrId></PrvtId></Id></Dbtr><DbtrAcct><Id><IBAN>IR150930000000000001006182</IBAN></Id></DbtrAcct><DbtrAgt><FinInstnId><BIC>BMJSIRTHXXX</BIC></FinInstnId></DbtrAgt><CdtrAgt><FinInstnId><BIC>RESAIRTHXXX</BIC></FinInstnId></CdtrAgt><Cdtr><Nm>تغییر یافته فروشگاه</Nm></Cdtr><CdtrAcct><Id><IBAN>IR480700035000114904343001</IBAN></Id></CdtrAcct><RmtInf><Ustrd>1398,09,18N1111123456789111113</Ustrd></RmtInf></CdtTrfTxInf><CdtTrfTxInf><PmtId><InstrId>1398,09,18N1111223456789112233</InstrId><EndToEndId>980919933000000010</EndToEndId><TxId>BMJSSHAP98091911012.CT000010</TxId></PmtId><IntrBkSttlmAmt Ccy="IRR">2351308</IntrBkSttlmAmt><ChrgBr>SLEV</ChrgBr><Dbtr><Nm>مرکزشاپرک</Nm><Id><PrvtId><OthrId><Id>EMPTY</Id><IdTp>EMPTY</IdTp></OthrId></PrvtId></Id></Dbtr><DbtrAcct><Id><IBAN>IR150930000000000001006182</IBAN></Id></DbtrAcct><DbtrAgt><FinInstnId><BIC>BMJSIRTHXXX</BIC></FinInstnId></DbtrAgt><CdtrAgt><FinInstnId><BIC>RESAIRTHXXX</BIC></FinInstnId></CdtrAgt><Cdtr><Nm>فروشگاه یاس خالصی</Nm></Cdtr><CdtrAcct><Id><IBAN>IR480700035000114904343001</IBAN></Id></CdtrAcct><RmtInf><Ustrd>1398,09,18N1111223456789112233</Ustrd></RmtInf></CdtTrfTxInf><CdtTrfTxInf><PmtId><InstrId>1398,09,18N1111100000000000004</InstrId><EndToEndId>980919933000000011</EndToEndId><TxId>BMJSSHAP98091911012.CT000011</TxId></PmtId><IntrBkSttlmAmt Ccy="IRR">9858627</IntrBkSttlmAmt><ChrgBr>SLEV</ChrgBr><Dbtr><Nm>مرکزشاپرک</Nm><Id><PrvtId><OthrId><Id>EMPTY</Id><IdTp>EMPTY</IdTp></OthrId></PrvtId></Id></Dbtr><DbtrAcct><Id><IBAN>IR150930000000000001006182</IBAN></Id></DbtrAcct><DbtrAgt><FinInstnId><BIC>BMJSIRTHXXX</BIC></FinInstnId></DbtrAgt><CdtrAgt><FinInstnId><BIC>RESAIRTHXXX</BIC></FinInstnId></CdtrAgt><Cdtr><Nm>فروشگاه جدید خانواده سه</Nm></Cdtr><CdtrAcct><Id><IBAN>IR480700035000114904343001</IBAN></Id></CdtrAcct><RmtInf><Ustrd>1398,09,18N1111100000000000004</Ustrd></RmtInf></CdtTrfTxInf><CdtTrfTxInf><PmtId><InstrId>1398,09,18N1111554477115544554</InstrId><EndToEndId>980919933000000012</EndToEndId><TxId>BMJSSHAP98091911012.CT000012</TxId></PmtId><IntrBkSttlmAmt Ccy="IRR">5223925</IntrBkSttlmAmt><ChrgBr>SLEV</ChrgBr><Dbtr><Nm>مرکزشاپرک</Nm><Id><PrvtId><OthrId><Id>EMPTY</Id><IdTp>EMPTY</IdTp></OthrId></PrvtId></Id></Dbtr><DbtrAcct><Id><IBAN>IR150930000000000001006182</IBAN></Id></DbtrAcct><DbtrAgt><FinInstnId><BIC>BMJSIRTHXXX</BIC></FinInstnId></DbtrAgt><CdtrAgt><FinInstnId><BIC>RESAIRTHXXX</BIC></FinInstnId></CdtrAgt><Cdtr><Nm>فروشگاه نورا سه</Nm></Cdtr><CdtrAcct><Id><IBAN>IR480700035000114904343001</IBAN></Id></CdtrAcct><RmtInf><Ustrd>1398,09,18N1111554477115544554</Ustrd></RmtInf></CdtTrfTxInf><CdtTrfTxInf><PmtId><InstrId>1398,09,18N1111558844556677884</InstrId><EndToEndId>980919933000000013</EndToEndId><TxId>BMJSSHAP98091911012.CT000013</TxId></PmtId><IntrBkSttlmAmt Ccy="IRR">1587220</IntrBkSttlmAmt><ChrgBr>SLEV</ChrgBr><Dbtr><Nm>مرکزشاپرک</Nm><Id><PrvtId><OthrId><Id>EMPTY</Id><IdTp>EMPTY</IdTp></OthrId></PrvtId></Id></Dbtr><DbtrAcct><Id><IBAN>IR150930000000000001006182</IBAN></Id></DbtrAcct><DbtrAgt><FinInstnId><BIC>BMJSIRTHXXX</BIC></FinInstnId></DbtrAgt><CdtrAgt><FinInstnId><BIC>RESAIRTHXXX</BIC></FinInstnId></CdtrAgt><Cdtr><Nm>رضا مارکت</Nm></Cdtr><CdtrAcct><Id><IBAN>IR480700035000114904343001</IBAN></Id></CdtrAcct><RmtInf><Ustrd>1398,09,18N1111558844556677884</Ustrd></RmtInf></CdtTrfTxInf><CdtTrfTxInf><PmtId><InstrId>1398,09,18N1111100000000000002</InstrId><EndToEndId>980919933000000014</EndToEndId><TxId>BMJSSHAP98091911012.CT000014</TxId></PmtId><IntrBkSttlmAmt Ccy="IRR">4870246</IntrBkSttlmAmt><ChrgBr>SLEV</ChrgBr><Dbtr><Nm>مرکزشاپرک</Nm><Id><PrvtId><OthrId><Id>EMPTY</Id><IdTp>EMPTY</IdTp></OthrId></PrvtId></Id></Dbtr><DbtrAcct><Id><IBAN>IR150930000000000001006182</IBAN></Id></DbtrAcct><DbtrAgt><FinInstnId><BIC>BMJSIRTHXXX</BIC></FinInstnId></DbtrAgt><CdtrAgt><FinInstnId><BIC>RESAIRTHXXX</BIC></FinInstnId></CdtrAgt><Cdtr><Nm>فروشگاه آنا سه</Nm></Cdtr><CdtrAcct><Id><IBAN>IR480700035000114904343001</IBAN></Id></CdtrAcct><RmtInf><Ustrd>1398,09,18N1111100000000000002</Ustrd></RmtInf></CdtTrfTxInf><CdtTrfTxInf><PmtId><InstrId>1398,09,18N1111998855662200115</InstrId><EndToEndId>980919933000000015</EndToEndId><TxId>BMJSSHAP98091911012.CT000015</TxId></PmtId><IntrBkSttlmAmt Ccy="IRR">2260634</IntrBkSttlmAmt><ChrgBr>SLEV</ChrgBr><Dbtr><Nm>مرکزشاپرک</Nm><Id><PrvtId><OthrId><Id>EMPTY</Id><IdTp>EMPTY</IdTp></OthrId></PrvtId></Id></Dbtr><DbtrAcct><Id><IBAN>IR150930000000000001006182</IBAN></Id></DbtrAcct><DbtrAgt><FinInstnId><BIC>BMJSIRTHXXX</BIC></FinInstnId></DbtrAgt><CdtrAgt><FinInstnId><BIC>RESAIRTHXXX</BIC></FinInstnId></CdtrAgt><Cdtr><Nm>فروشگاه ادیب</Nm></Cdtr><CdtrAcct><Id><IBAN>IR480700035000114904343001</IBAN></Id></CdtrAcct><RmtInf><Ustrd>1398,09,18N1111998855662200115</Ustrd></RmtInf></CdtTrfTxInf></pacs.008.001.01></Document>