<?xml version="1.0" encoding="UTF-8"?><Document xmlns="urn:iso:std:iso:20022:tech:xsd:pacs.008.001.01"><pacs.008.001.01><GrpHdr><MsgId>BMJSSHAP98062315012.CT</MsgId><CreDtTm>1398-07-06T16:52:33</CreDtTm><NbOfTxs>3</NbOfTxs><TtlIntrBkSttlmAmt Ccy="IRR">22016575</TtlIntrBkSttlmAmt><IntrBkSttlmDt>1398-07-06</IntrBkSttlmDt><SttlmInf><SttlmMtd>CLRG</SttlmMtd></SttlmInf><PmtTpInf><SvcLvl><Cd>SEPA</Cd></SvcLvl></PmtTpInf></GrpHdr><CdtTrfTxInf><PmtId><InstrId>1398,06,22N1111123456789111111</InstrId><EndToEndId>98062393300000001</EndToEndId><TxId>BMJSSHAP98062311012.CT00001</TxId></PmtId><IntrBkSttlmAmt Ccy="IRR">6783414</IntrBkSttlmAmt><ChrgBr>SLEV</ChrgBr><Dbtr><Nm>مرکزشاپرک</Nm><Id><PrvtId><OthrId><Id>EMPTY</Id><IdTp>EMPTY</IdTp></OthrId></PrvtId></Id></Dbtr><DbtrAcct><Id><IBAN>IR150930000000000001006182</IBAN></Id></DbtrAcct><DbtrAgt><FinInstnId><BIC>BMJSIRTHXXX</BIC></FinInstnId></DbtrAgt><CdtrAgt><FinInstnId><BIC>RESAIRTHXXX</BIC></FinInstnId></CdtrAgt><Cdtr><Nm>تغییر یافته فروشگاه</Nm></Cdtr><CdtrAcct><Id><IBAN>IR480700035000114904343001</IBAN></Id></CdtrAcct><RmtInf><Ustrd>1398,06,22N1111123456789111111</Ustrd></RmtInf></CdtTrfTxInf><CdtTrfTxInf><PmtId><InstrId>1398,06,22N1111123456789111112</InstrId><EndToEndId>98062393300000002</EndToEndId><TxId>BMJSSHAP98062311012.CT00002</TxId></PmtId><IntrBkSttlmAmt Ccy="IRR">8067787</IntrBkSttlmAmt><ChrgBr>SLEV</ChrgBr><Dbtr><Nm>مرکزشاپرک</Nm><Id><PrvtId><OthrId><Id>EMPTY</Id><IdTp>EMPTY</IdTp></OthrId></PrvtId></Id></Dbtr><DbtrAcct><Id><IBAN>IR150930000000000001006182</IBAN></Id></DbtrAcct><DbtrAgt><FinInstnId><BIC>BMJSIRTHXXX</BIC></FinInstnId></DbtrAgt><CdtrAgt><FinInstnId><BIC>RESAIRTHXXX</BIC></FinInstnId></CdtrAgt><Cdtr><Nm>تغییر یافته فروشگاه</Nm></Cdtr><CdtrAcct><Id><IBAN>IR480700035000114904343001</IBAN></Id></CdtrAcct><RmtInf><Ustrd>1398,06,22N1111123456789111112</Ustrd></RmtInf></CdtTrfTxInf><CdtTrfTxInf><PmtId><InstrId>1398,06,22N1111111444555222145</InstrId><EndToEndId>98062393300000003</EndToEndId><TxId>BMJSSHAP98062311012.CT00003</TxId></PmtId><IntrBkSttlmAmt Ccy="IRR">7165374</IntrBkSttlmAmt><ChrgBr>SLEV</ChrgBr><Dbtr><Nm>مرکزشاپرک</Nm><Id><PrvtId><OthrId><Id>EMPTY</Id><IdTp>EMPTY</IdTp></OthrId></PrvtId></Id></Dbtr><DbtrAcct><Id><IBAN>IR150930000000000001006182</IBAN></Id></DbtrAcct><DbtrAgt><FinInstnId><BIC>BMJSIRTHXXX</BIC></FinInstnId></DbtrAgt><CdtrAgt><FinInstnId><BIC>RESAIRTHXXX</BIC></FinInstnId></CdtrAgt><Cdtr><Nm>رضا مارکت</Nm></Cdtr><CdtrAcct><Id><IBAN>IR480700035000114904343001</IBAN></Id></CdtrAcct><RmtInf><Ustrd>1398,06,22N1111111444555222145</Ustrd></RmtInf></CdtTrfTxInf></pacs.008.001.01></Document>